
@book{pap65,
  author =    "Papoulis, A.",
  title =     "Probability, Random Variables, and Stochastic Processes",
  year =      1965,
  publisher = "McGraw-Hill",
  address =   "Sydney"
}

